
@Article{boudt2008estimation,
  author        = {Boudt, Kris and Peterson, Brian G and Croux, Christophe},
  title         = {Estimation and decomposition of downside risk for portfolios with non-normal returns},
  journal       = {Journal of Risk},
  year          = {2008},
  volume        = {11},
  number        = {2},
  pages         = {79--103},
  __markedentry = {[driescornilly:]},
}

@TechReport{zangari1996var,
  author      = {P. Zangari},
  title       = {A VaR methodology for portfolios that include options},
  institution = {RiskMetrics Monitor},
  year        = {1996},
}

@Article{martellini2010improved,
  author    = {Martellini, Lionel and Ziemann, Volker},
  title     = {Improved estimates of higher-order comoments and implications for portfolio selection},
  journal   = {Review of Financial Studies},
  year      = {2010},
  volume    = {23},
  number    = {4},
  pages     = {1467--1502},
  publisher = {Soc Financial Studies},
}

@Article{fama1988permanent,
  author  = {Fama, Eugene F and French, Kenneth R},
  title   = {Permanent and temporary components of stock prices},
  journal = {Journal of political Economy},
  year    = {1988},
  volume  = {96},
  number  = {2},
  pages   = {246--273},
}

@Article{boudt2015higher,
  author    = {Boudt, Kris and Lu, Wanbo and Peeters, Benedict},
  title     = {Higher order comoments of multifactor models and asset allocation},
  journal   = {Finance Research Letters},
  year      = {2015},
  volume    = {13},
  pages     = {225--233},
  publisher = {Elsevier},
}

@Article{ledoit2004honey,
  author  = {Ledoit, Olivier and Wolf, Michael},
  title   = {Honey, I shrunk the sample covariance matrix},
  journal = {Journal of Portfolio Management},
  year    = {2004},
  volume  = {30},
  number  = {4},
  pages   = {110--119},
}

@Article{simaan1993portfolio,
  author    = {Simaan, Yusif},
  title     = {Portfolio selection and asset pricing-three parameter framework},
  journal   = {Management Science},
  year      = {1993},
  volume    = {39},
  number    = {5},
  pages     = {568--577},
  publisher = {INFORMS},
}

@Article{elton1973estimating,
  author    = {Elton, Edwin J and Gruber, Martin J},
  title     = {Estimating the dependence structure of share prices - implications for portfolio selection},
  journal   = {Journal of Finance},
  year      = {1973},
  volume    = {28},
  number    = {5},
  pages     = {1203--1232},
  publisher = {Wiley Online Library},
}

@Article{ledoit2003improved,
  author    = {Ledoit, Olivier and Wolf, Michael},
  title     = {Improved estimation of the covariance matrix of stock returns with an application to portfolio selection},
  journal   = {Journal of Empirical Finance},
  year      = {2003},
  volume    = {10},
  number    = {5},
  pages     = {603--621},
  publisher = {Elsevier},
}

@Article{boudt2017coskewness,
  author        = {Boudt, Kris and Cornilly, Dries and Verdonck, Tim},
  title         = {A coskewness shrinkage approach for estimating the skewness of linear combinations of random variables},
  year          = {2017},
  __markedentry = {[driescornilly:]},
}

@TechReport{jpmorgan1996riskmetrics,
  author      = {JPMorgan},
  title       = {Riskmetrics technical document},
  institution = {JPMorgan},
  year        = {1996},
}

@Article{vanderweide2002go,
  author  = {Van der Weide, Roy},
  title   = {GO-GARCH: a multivariate generalized orthogonal GARCH model},
  journal = {Journal of Applied Econometrics},
  year    = {2002},
  volume  = {17},
  number  = {5},
  pages   = {549--564},
}

@Misc{ghalanos2015rmgarch,
  author = {Ghalanos, Alexios},
  title  = {The rmgarch models: Background and properties. (Version 1.3-0)},
  year   = {2015},
}

@Article{ghalanos2015independent,
  author  = {Ghalanos, Alexios and Rossi, Eduardo and Urga, Giovanni},
  title   = {Independent factor autoregressive conditional density model},
  journal = {Econometric Reviews},
  year    = {2015},
  volume  = {34},
  number  = {5},
  pages   = {594--616},
}

@Article{jondeau2017moment,
  author  = {Eric Jondeau and Emmanuel Jurczenko},
  title   = {Moment component analysis: an illustration with international stock markets},
  journal = {Journal of Business and Economic Statistics},
  year    = {2017},
}
