% Encoding: UTF-8

@InCollection{MartinClarkGreen:2010,
  author   = {Martin, R. Douglas and Clark, Andrew and Green, Christopher G.},
  title    = {Robust Portfolio Construction},
  pages    = {337--382},
  crossref = {Guerard:2010book},
}
###################################################################
#
# Bibliography for FF92 extension papers
# Christopher G. Green
#
##################################################################

@Article{FamaFrench1992,
  author    = {Fama, Eugene F. and French, Kenneth R.},
  journal   = {The Journal of Finance},
  title     = {The Cross-section of Expected Stock Returns},
  year      = {1992},
  month     = jun,
  number    = {2},
  pages     = {427--465},
  volume    = {47},
  copyright = {Copyright 1992 American Finance Association},
  myissn    = {0022-1082},
  publisher = {American Finance Association},
}

@Article{Berk:1995a,
  author    = {Berk, Jonathan B.},
  journal   = {The Review of Financial Studies},
  title     = {A Critique of Size-Related Anomalies},
  year      = {1995},
  issn      = {08939454, 14657368},
  number    = {2},
  pages     = {275--286},
  volume    = {8},
  publisher = {[Oxford University Press, Society for Financial Studies]},
  xurl      = {http://www.jstor.org/stable/2962273},
}

@Article{MartinZamar:1989,
  author  = {Martin, R. D. and Zamar, R. H.},
  journal = {Journal of the American Statistical Association},
  title   = {Asymptotically min-max bias-robust M-estimates of scale for positive random variables},
  year    = {1989},
  pages   = {494--501},
  volume  = {84},
}

@Article{Berk:1997,
  author    = {Berk, Jonathan B.},
  journal   = {Financial Analysts Journal},
  title     = {Does Size Really Matter?},
  year      = {1997},
  issn      = {0015-198X},
  number    = {5},
  pages     = {12--18},
  volume    = {53},
  publisher = {CFA Institute},
  url       = {http://www.jstor.org/stable/4480021},
}

@InCollection{Berk:2000,
  author    = {Berk, Johnathan B.},
  booktitle = {Security Market Imperfections in World Wide Equity Markets},
  publisher = {Cambridge University Press},
  title     = {A view of the current status of the size anomaly},
  year      = {2000},
  address   = {Cambridge},
  editor    = {Donald~B. Keim and William~T. Ziemba},
  pages     = {90--115},
}

@Book{StockWatson:2007,
  author    = {Stock, James H. and Watson, Mark W.},
  publisher = {Pearson/Addison Wesley},
  title     = {Introduction to Econometrics},
  year      = {2007},
  address   = {Boston},
  edition   = {2nd ed.},
}

@book{ Huber:1981,
	author = {Huber, Peter},
	title = {Robust Statistics},
	year = {1981},
	publisher = {John Wiley \& Sons},
	address = {New York},
}

@Misc{CRSP,
  author    = {CRSP},
  note      = {Used with permission. All rights reserved. \url{www.crsp.uchicago.edu}. Accessed March 2015 via Wharton Research Data Services.},
  title     = {{Center for Research in Security Prices }},
  year      = {2015},
  key       = {CRSP:2015},
  publisher = {Graduate School of Business, The University of Chicago 2001-2004},
}

@Misc{CCM,
  author    = {CRSP},
  note      = {Used with permission. All rights reserved. \url{www.crsp.uchicago.edu}. Accessed March 2015 via Wharton Research Data Services.},
  title     = {{CRSP/Compustat Merged Database}},
  year      = {2015},
  key       = {CCM:2015},
  publisher = {Graduate School of Business, The University of Chicago 2001-2004},
}

@Misc{PalaciosVora:2011,
  author = {Palacios, Luis and Vora, Premal},
  note   = {A {SAS} program to replicate the \cite{FamaFrench:1993} {SMB} and {HML} factors. WRDS Research Applications. Original version April 2009, Updated August 2011. Available from \url{http://wrds-web.wharton.upenn.edu/wrds/research/applications/risk/fama-french/index.cfm}. Accessed April 2014.},
  title  = {{SAS} Program \texttt{fama\_french\_factors\_replication.sas}},
  year   = {2011},
}

@Misc{COMP,
  author = {Compustat},
  note   = {Used with permission. All rights reserved. Accessed March 2015 via Wharton Research Data Services.},
  title  = {{Standard \& Poor's Compustat\textregistered{} Data}},
  year   = {2015},
  key    = {COMPUSTAT},
}

@Manual{package:robust,
  title  = {robust: Robust Library},
  author = {Wang, Jiahui and Zamar, Ruben and Marazzi, Alfio and Yohai, Victor J. and Salibian-Barrera, Matias and Maronna, Ricardo and Zivot, Eric and Rocke, David and Martin, Doug and Maechler, Martin and Konis, Kjell},
  note   = {R package version 0.4-16},
  year   = {2014},
  xurl   = {https://CRAN.R-project.org/package=robust},
}

@Manual{package:robustbase,
  title  = {robustbase: Basic Robust Statistics},
  author = {Rousseeuw, Peter and Croux, Christophe and Todorov, Valentin and Ruckstuhl, Andreas and Salibian-Barrera, Matias and Verbeke, Tobias and Koller, Manuel and Maechler, Martin},
  note   = {R package version 0.92-6},
  year   = {2016},
  xurl   = {https://CRAN.R-project.org/package=robustbase},
}

@Manual{package:mmregress,
  title  = {mmregress},
  author = {Verardi, Vincenzo and Croux, Christophe},
  note   = {Stata package},
  year   = {2009},
}

@Unpublished{Berk:1995b,
  author = {Berk, Johnathan B.},
  note   = {Working paper, University of Washington},
  title  = {An Empirical Reexamination of the Relation between Firm Size and Return},
  year   = {1995},
}

@article{ GarzaGomezEtAl:2001,
	author="Garza-G{\'o}mez, Xavier and Hodoshima, Jiro and Kunimura, Michio",
	title="Reexamining the Robustness of the Market Value of Equity",
	journal="Asia-Pacific Financial Markets",
	year="2001",
	volume="8",
	number="2",
	pages="61--85",
	issn="1573-6946",
}

@Article{Sharpe:1964,
  author  = {Sharpe, William F.},
  journal = {Journal of Finance},
  title   = {Capital asset prices: A Theory of Market Equilibrium under Conditions of Risk},
  year    = {1964},
  number  = {3},
  pages   = {425--442},
  volume  = {19},
}

@Article{Lintner:1965,
  author  = {Lintner, John},
  journal = {The Review of Economics and Statistics},
  title   = {The Valuation of Risk Assets and the Selection of Risky Investments in Stock Portfolios and Capital Budgets},
  year    = {1965},
  month   = feb,
  number  = {1},
  pages   = {13--37},
  volume  = {47},
}

@Article{HorowitzEtAl:2000a,
  author   = {Horowitz, Joel L. and Loughran, Tim and Savin, N. E.},
  journal  = {Journal of Empirical Finance},
  title    = {Three analyses of the firm size premium},
  year     = {2000},
  issn     = {0927-5398},
  number   = {2},
  pages    = {143--153},
  volume   = {7},
  keywords = {Size premia, Asset pricing, Spline regressions},
}

@Article{MartinYohaiZamar:1989,
  author  = {Martin, R. D. and Yohai, V. J. and Zamar, R. H.},
  journal = {The Annals of Statistics},
  title   = {Min-max bias robust regression},
  year    = {1989},
  pages   = {1608--1630},
  volume  = {17},
}

@Article{Mossin:1966,
  author  = {Mossin, J.},
  journal = {Econometrica},
  title   = {Equilibrium in capital asset markets},
  year    = {1966},
  number  = {4},
  pages   = {768--783},
  volume  = {34},
}

@Article{vanDijk:2011,
  author   = {van Dijk, Mathijs A.},
  journal  = {Journal of Banking \& Finance},
  title    = {Is size dead? A review of the size effect in equity returns},
  year     = {2011},
  issn     = {0378-4266},
  number   = {12},
  pages    = {3263--3274},
  volume   = {35},
  keywords = {Size effect, Cross-section of equity returns, CAPM, Anomalies},
}

@Article{HorowitzEtAl:2000b,
  author   = {Horowitz, Joel L. and Loughran, Tim and Savin, N. E.},
  journal  = {Research in Economics},
  title    = {The disappearing size effect},
  year     = {2000},
  issn     = {1090-9443},
  number   = {1},
  pages    = {83--100},
  volume   = {54},
  keywords = {Size effect, January anomaly, risk factors.},
}

@Unpublished{Crain:2011,
  author = {Crain, Michael A.},
  note   = {Published October 29, 2011. Available at SSRN: \url{https://ssrn.com/abstract=1710076}},
  title  = {A Literature Review of the Size Effect},
  year   = {2011},
}

@Article{Black:1972,
  author  = {Black, Fischer},
  journal = {Journal of Business},
  title   = {Capital market equilibrium with restricted borrowing},
  year    = {1972},
  pages   = {444--454},
  volume  = {45},
}

@InCollection{BlackJensenScholes:1972,
  author    = {Black, Fischer and Jensen, M. C. and Scholes, M.},
  booktitle = {Studies in the Theory of Capital Markets},
  publisher = {Praeger},
  title     = {The capital asset pricing model: some empirical tests},
  year      = {1972},
  address   = {New York},
  editor    = {M.~C. Jensen},
}

@Article{Banz:1981,
  author  = {Banz, R. W.},
  journal = {Journal of Financial Economics},
  title   = {Anomalies in relationships between securities' yields and yield surrogates},
  year    = {1981},
  pages   = {103--126},
  volume  = {6},
}

@Article{Reinganum:1981,
  author  = {Reinganum, M. R.},
  journal = {Journal of Financial Economics},
  title   = {Misspecification of Capital Asset Pricing: Empirical Anomalies Based on Earnings Yields and Market Values},
  year    = {1981},
  issn    = {0304-405X},
  month   = mar,
}

@Article{Keim:1983,
  author  = {Keim, D. B.},
  journal = {Journal of Financial Economics},
  title   = {Size-related anomalies and stock return seasonality: further empirical evidence},
  year    = {1983},
  month   = jun,
  pages   = {13--32},
  volume  = {12},
}

@Article{Stattman:1980,
  author  = {Stattman, D.},
  journal = {The Chicago MBA: A Journal of Selected Papers},
  title   = {Book values and stock returns},
  year    = {1980},
  pages   = {25--45},
}

@Article{RosenbergReidLanstein:1985,
  author  = {Rosenberg, Barr and Reid, Kenneth and Lanstein, Ronald},
  journal = {Journal of Portfolio Management},
  title   = {Persuasive evidence of market inefficiency},
  year    = {1985},
  pages   = {9--11},
  volume  = {11},
}

@Article{FamaFrench:1993,
  author  = {Fama, Eugene F. and French, Kenneth R.},
  journal = {Journal of Financial Economics},
  title   = {Common risk factors in the returns on stocks and bonds},
  year    = {1993},
  pages   = {3--56},
  volume  = {33},
}

@Article{Dichev:1998,
  author    = {Dichev, Ilia D.},
  journal   = {The Journal of Finance},
  title     = {Is the Risk of Bankruptcy a Systematic Risk?},
  year      = {1998},
  issn      = {00221082, 15406261},
  number    = {3},
  pages     = {1131--1147},
  volume    = {53},
  publisher = {[American Finance Association, Wiley]},
  url       = {http://www.jstor.org/stable/117389},
}

@Article{Amihud:2002,
  author  = {Amihud, Y.},
  journal = {Journal of Financial Markets},
  title   = {Illiquidity and stock returns: cross-section and time-series effects},
  year    = {2002},
  pages   = {31--56},
  volume  = {5},
}

@Article{DavisFamaFrench:2000,
  author  = {Davis, James and Fama, Eugene F. and French, Kenneth R.},
  journal = {Journal of Finance},
  title   = {Characteristics, Covariances, and Average Returns: 1929 to 1997},
  year    = {2000},
  month   = feb,
  number  = {1},
  pages   = {389--406},
  volume  = {55},
}

@Article{FamaFrench:1996,
  author              = {Fama, Eugene F. and French, Kenneth R.},
  journal             = {The Journal of Finance},
  title               = {Multifactor Explanations of Asset Pricing Anomalies},
  year                = {1996},
  number              = {1},
  pages               = {55--84},
  volume              = {51},
  copyright           = {Copyright � 1996 American Finance Association},
  jstor_articletype   = {research-article},
  jstor_formatteddate = {Mar., 1996},
  language            = {English},
  myissn              = {00221082},
  publisher           = {Wiley for the American Finance Association},
}

@Article{FamaFrench:2008,
  author    = {Fama, Eugene F. and French, Kenneth R.},
  journal   = {The Journal of Finance},
  title     = {Dissecting Anomalies},
  year      = {2008},
  number    = {4},
  pages     = {1653--1678},
  volume    = {63},
  copyright = {Copyright � 2008 American Finance Association},
  language  = {English},
  myissn    = {00221082},
  publisher = {Wiley for the American Finance Association},
}

@TechReport{ErdoganGoldfarbIyengar:2004,
  author      = {Erdogan, E. and Goldfarb, D. and Iyengar, G.},
  institution = {Operations Research Center, Columbia University},
  title       = {Robust Portfolio Management},
  year        = {2004},
  note        = {CORC Technical Report TR-2004-11},
}

@Article{GoldfarbIyengar:2003,
  author  = {Goldfarb, D. and Iyengar, G.},
  journal = {Mathematics of Operations Research},
  title   = {Robust Portfolio Selction Problems},
  year    = {1993},
  month   = feb,
  pages   = {1--38},
}

@Unpublished{CeriaStubbs:2006a,
  author = {Ceria, Sebastian and Stubbs, Robert A.},
  note   = {Axioma Research Paper No. 003. Available from \url{http://www.axiomainc.com/downloads/incorporating_estimation.pdf}. Downloaded 09-05-2009.},
  title  = {Incorporating Estimation Errors in Portfolio Selection: Robust Portfolio Construction},
  year   = {2006},
}

@Article{MartinSimin:2003,
  author  = {Martin, R. Douglas and Simin, Tim},
  journal = {Financial Analysts Journal},
  title   = {Outlier Resistant Estimates of Beta},
  year    = {2003},
  number  = {5},
  pages   = {56--69},
  volume  = {59},
}

@InCollection{BailerMaravinaMartin:2011,
  author         = {Bailer, Heiko and Maravina, Tatiana A. and Martin, R. Douglas},
  booktitle      = {{Oxford Handbook of Quantitative Asset Management}},
  publisher      = {Oxford University Press},
  title          = {Robust Betas In Asset Management},
  year           = {2011},
  editor         = {Bernd Scherer and Kenneth Winston},
  pages          = {203--242},
}

@Book{ SchererMartin:2005,
	author = {Scherer, Bernd and Martin, R. Douglas},
	title = {Introduction to Modern Portfolio Optimization with \textsc{NuOPT}, \splus, and {S+Bayes}},
	publisher = {Springer-Verlag},
	address = {New York},
	year = {2005},
	isbn = {0387-210164},
}

@Article{KnezReady1997,
  author  = {Knez, Peter and Ready},
  journal = {Journal of Finance},
  title   = {On the Robustness of Size and Book-to-Market in Cross-Sectional Regressions},
  year    = {1997},
  month   = sep,
  number  = {4},
  pages   = {1355--1382},
  volume  = {52},
}

@Article{ChouChouWang:2004,
  author  = {Chou, P. H. and Chou, R. K. and Wang, J. S.},
  journal = {Financial Letters},
  title   = {On the Cross-Section of Expected Stock Returns: Fama-French Ten Years Later},
  year    = {2004},
  number  = {1},
  pages   = {18--22},
  volume  = {2},
}

@Article{Shumway:1997,
  author  = {Shumway, T.},
  journal = {Journal of Finance},
  title   = {The delisting bias in CRSP data},
  year    = {1997},
  pages   = {327--340},
  volume  = {52},
}

@book{ HampelEtAl:1986,
	author = {Hampel, Frank R. and Ronchetti, Elvezio M. and
			Rousseeuw, Peter J. and Stahel, Werner A.},
	title = {Robust Statistics: the approach based on influence
			functions},
	publisher = {John Wiley \& Sons},
	address = {New York},
	year = {1986},
}

@InProceedings{Tukey:1960,
  author    = {Tukey, J. W.},
  booktitle = {Contributions to Probability and Statistics: Essays in Honor of Harold Hotelling},
  title     = {A survey of sampling from contaminated distributions},
  year      = {1960},
  address   = {Stanford, CA},
  editor    = {I. Olkin},
  month     = jun,
  isbn      = {0804705968},
  journal   = {Stanford University Press},
}

@Article{Huber:1964,
  author  = {Huber, Peter J.},
  journal = {The Annals of Mathematical Statistics},
  title   = {Robust estimation of a location parameter},
  year    = {1964},
  pages   = {73--101},
  volume  = {35},
}

@inproceedings{Huber:1991:1,
    author = {Huber, Peter J.},
    title = {Between Robustness and Diagnostics},
    year = {1991},
    booktitle = {Directions in Robust Statistics and Diagnostics. Part I},
    editor = {Stahel, Werner and Weisberg, Sanford},
    publisher = {Springer-Verlag Inc},
    pages = {121--130},
    CISid = {133489}
}

@Article{MartinZamar:1993a,
  author    = {Martin, R. D. and Zamar, R. H.},
  journal   = {The Annals of Statistics},
  title     = {Bias robust estimates of scale},
  year      = {1993},
  month     = jun,
  number    = {2},
  pages     = {991--1017},
  volume    = {21},
  publisher = {The Institute of Mathematical Statistics},
}

@PhdThesis{Hampel:1968,
  author = {Hampel, Frank R.},
  school = {University of California, Berkeley},
  title  = {Contributions to the theory of robust estimation},
  year   = {1968},
}

@Article{Huber:1973,
  author  = {Huber, Peter J.},
  journal = {Annals of Statistics},
  title   = {Robust regression: asymptotics, conjectures and monte carlo},
  year    = {1973},
  pages   = {799--821},
  volume  = {1},
}

@Article{Rousseeuw:1984,
  author    = {Rousseeuw, Peter J.},
  journal   = {Journal of the American Statistical Association},
  title     = {Least Median of Squares Regression},
  year      = {1984},
  number    = {388},
  pages     = {871--880},
  volume    = {79},
  copyright = {Copyright 1984 American Statistical Association},
  myissn    = {01621459},
  mynote    = {http://www.jstor.org/stable/2288718},
  publisher = {American Statistical Association},
}

@Article{Yohai:1987,
  author    = {Yohai, Victor J.},
  journal   = {The Annals of Statistics},
  title     = {High breakdown-point and high efficiency robust estimates for regression},
  year      = {1987},
  month     = jun,
  number    = {2},
  pages     = {642--656},
  volume    = {15},
  publisher = {The Institute of Mathematical Statistics},
}

@InCollection{YohaiStahelZamar:1991,
  author    = {Yohai, Victor J. and Stahel, Werner A. and Zamar, Ruben H.},
  booktitle = {Directions in robust statistics and diagnostics, Part II},
  publisher = {Springer-Verlag},
  title     = {A procedure for robust estimation and inference in linear regression},
  year      = {1991},
  editor    = {Werner~A. Stahel and S.~W. Weisberg},
  note      = {The IMA Volumes in Mathematics and its Applications},
}

@InCollection{RousseeuwYohai:1984,
  author    = {Rousseeuw, Peter J. and Yohai, Victor J.},
  booktitle = {Robust and Nonlinear Time Series Analysis},
  publisher = {Springer},
  title     = {Robust regression by means of S-estimators},
  year      = {1984},
  address   = {New York},
  editor    = {J. Franke and W. H{\"a}rdie and D. Martin},
  pages     = {256--272},
  series    = {Lecture Notes in Statistics},
  volume    = {26},
}

@Article{YohaiZamar:1997,
  author  = {Yohai, V. J. and Zamar, R. H.},
  journal = {Journal of Statistical Planning and Inference},
  title   = {Optimally local robust M-estimates of regression},
  year    = {1997},
  number  = {2},
  pages   = {309--323},
  volume  = {64},
}

@InCollection{SvarcYohaiZamar:2002,
  author    = {Svarc, M. and Yohai, Victor J. and Zamar, Ruben},
  booktitle = {Statistical Data Analysis Based on the L1 Norm and Related Methods},
  publisher = {Birkh\"auser},
  title     = {Optimal bias-robust M-estimates of regression},
  year      = {2002},
  editor    = {Y. Dodge},
  pages     = {191--200},
}

@Article{FamaMacBeth:1973,
  author  = {Fama, E. F. and MacBeth, J. D.},
  journal = {Journal of Political Economy},
  title   = {Risk, return, and equilibrium: empirical tests},
  year    = {1973},
  pages   = {607--636},
  volume  = {81},
}

@Book{Fama:1976b,
  author    = {Fama, Eugene F.},
  publisher = {Basic Books},
  title     = {Foundations of Finance},
  year      = {1976},
  address   = {New York},
}

@Article{Shanken:1992,
  author  = {Shanken, J.},
  journal = {Review of Financial Studies},
  title   = {On the estimation of beta-pricing models},
  year    = {1992},
  pages   = {1--33},
  volume  = {5},
}

@Book{Cochrane:2001b,
  author    = {Cochrane, J. H.},
  publisher = {Princeton Univ. Press},
  title     = {Asset Pricing},
  year      = {2001},
  address   = {Princeton, NJ},
}

@Article{AsnessFrazzini:2013,
  author   = {Asness, Clifford S. and Frazzini, Andrea},
  journal  = {Journal of Portfolio Management},
  title    = {The Devil in {HML's} Details},
  year     = {2013},
  issn     = {0095-4918},
  number   = {4},
  pages    = {49--68},
  volume   = {39},
  keywords = {Portfolio management (Investments), Growth stocks, Growth funds, Stocks (Finance) -- United States, United States},
}

@Article{AngEtAl:2006,
  author  = {Ang, A. and Hodrick, R. J. and Xing, Y. and Zhang, X.},
  journal = {Journal of Finance},
  title   = {The cross-section of volatility and expected returns},
  year    = {2006},
  number  = {1},
  pages   = {259--299},
  volume  = {61},
}

@Article{NeweyWest:1987,
  author  = {Newey, W. K. and West, K. D.},
  journal = {Econometrica},
  title   = {A simple, positive semi-definite, heteroskedasticity and autocorrelation consistent covariance matrix},
  year    = {1987},
  pages   = {703--8},
  volume  = {55},
}

@Unpublished{BarnesHughes:2002,
  author      = {Barnes, M. L. and Hughes, A. W.},
  note        = {Working paper, available from \url{ http://bostonfed.org/economic/wp/wp2002/wp022.pdf }. Accessed 2014-08-11.},
  title       = {A Quantile Regression Analysis of the Cross Section of Stock Market Returns},
  year        = {2002},
  institution = {Federal Reserve Bank of Boston},
}

@Article{FamaFrench:2015,
  author  = {Fama, Eugene F. and French, Kenneth R.},
  journal = {Journal of Financial Economics},
  title   = {A five-factor asset pricing model},
  year    = {2015},
  pages   = {1--22},
  volume  = {116},
}

@Article{Hansen:1982,
  author  = {Hansen, L.},
  journal = {Econometrica},
  title   = {Large sample properties of generalized method of moments estimators},
  year    = {1982},
  pages   = {1029--1054},
  volume  = {50},
}

@Article{ChanEtAl:2000,
  author    = {Chan, Louis K. C. and Karceski, Jason and Lakonishok, Josef},
  journal   = {Financial Analysts Journal},
  title     = {New Paradigm or Same Old Hype in Equity Investing?},
  year      = {2000},
  issn      = {0015-198X},
  number    = {4},
  pages     = {23--36},
  volume    = {56},
  publisher = {CFA Institute},
  url       = {http://www.jstor.org/stable/4480256},
}

@Article{ChanEtAl:1992,
  author  = {Chan, Louis K. and Hamao, Yasushi and Lakonishok, Josef},
  journal = {Journal of Finance},
  title   = {Fundamentals and stock returns in Japan},
  year    = {1992},
  pages   = {1739--1789},
  volume  = {46},
}

@Article{Gu:2003,
  author   = {Gu, Anthony Yanxiang},
  journal  = {The Quarterly Review of Economics and Finance},
  title    = {The declining January effect: evidences from the U.S. equity markets},
  year     = {2003},
  issn     = {1062-9769},
  number   = {2},
  pages    = {395--404},
  volume   = {43},
  keywords = {Declining January effect, Market efficiency},
}

@Article{EasterdayEtAl:2009,
  author   = {Easterday, Kathryn E. and Sen, Pradyot K. and Stephan, Jens A.},
  journal  = {The Quarterly Review of Economics and Finance},
  title    = {The persistence of the small firm/January effect: Is it consistent with investors' learning and arbitrage efforts?},
  year     = {2009},
  issn     = {1062-9769},
  number   = {3},
  pages    = {1172--1193},
  volume   = {49},
  keywords = {January effect, Market efficiency, Arbitrage, Trading volume},
}

@InCollection{Schwert:2003,
  author    = {Schwert, G. William},
  booktitle = {Financial Markets and Asset Pricing},
  publisher = {Elsevier},
  title     = {Anomalies and market efficiency},
  year      = {2003},
  note      = {Chapter 15},
  pages     = {939--974},
  series    = {Handbook of the Economics of Finance},
  volume    = {1, Part B},
  issn      = {1574-0102},
  keywords  = {market efficiency, anomaly, size effect, value effect, selection bias, momentum},
}

@Article{EleswarapuReinganum:1993,
  author   = {Eleswarapu, Venkat R. and Reinganum, Marc R.},
  journal  = {Journal of Financial Economics},
  title    = {The seasonal behavior of the liquidity premium in asset pricing},
  year     = {1993},
  issn     = {0304-405X},
  number   = {3},
  pages    = {373--386},
  volume   = {34},
  keywords = {Bid-ask spreads, Asset pricing, Seasonality, Liquidity premium},
}

@Article{Breitschwerdt:2015,
  author  = {Breitschwerdt, Ernest},
  journal = {S\&P Capital IQ Quantamental Research},
  title   = {Point-In-Time vs. Lagged Fundamentals: This time {i[t']s} different?},
  year    = {2015},
  month   = aug,
}

@Article{Loughran:1997,
  author    = {Loughran, Tim},
  journal   = {The Journal of Financial and Quantitative Analysis},
  title     = {Book-To-Market across Firm Size, Exchange, and Seasonality: Is There an Effect?},
  year      = {1997},
  issn      = {00221090, 17566916},
  number    = {3},
  pages     = {249--268},
  volume    = {32},
  publisher = {Cambridge University Press},
  url       = {http://www.jstor.org/stable/2331199},
}

@Article{Zeileis:2004,
  author  = {Zeileis, Achim},
  journal = {Journal of Statistical Software},
  title   = {Econometric Computing with HC and HAC Covariance Matrix Estimators},
  year    = {2004},
  number  = {10},
  pages   = {1--17},
  volume  = {11},
  xurl    = {http://www.jstatsoft.org/v11/i10/},
}

@TechReport{CrouxEtAl:2003b,
  author      = {Croux, Christophe and Dhaene, Geert and Hoorelbeke, Dirk},
  institution = {K.U. Leuven, CES.},
  title       = {Robust standard errors for robust estimators},
  year        = {2003},
  note        = {Discussion Papers Series 03.16},
}

@Article{Davis:1996b,
  author  = {Davis, James L.},
  journal = {The Quarterly Review of Economics and Finance},
  title   = {The cross-section of stock returns and survivorship bias: Evidence from delisted stocks},
  year    = {1996},
  issn    = {1062-9769},
  number  = {3},
  pages   = {365--375},
  volume  = {36},
}

@Book{Lehmann:2004,
  author    = {Lehmann, Erich L.},
  publisher = {Springer-Verlag},
  title     = {Elements of Large Sample Theory},
  year      = {2004},
  address   = {New York},
}

@article{ ShumwayWarther:1999,
	author = {Shumway, Tyler and Warther, Vincent A.},
	title = {The Delisting Bias in CRSP's Nasdaq Data and Its Implications for the Size Effect},
	journal = {The Journal of Finance},
	volume = {54},
	number = {6},
	publisher = {Blackwell Publishers, Inc.},
	issn = {1540-6261},
	pages = {2361--2379},
	year = {1999},
}

@Misc{WRDS,
  author = {Wharton School},
  note   = {Available at \url{https://wrds-web.wharton.upenn.edu/wrds/}},
  title  = {Wharton research data services},
  year   = {1993},
}

@Article{Dimson:1979,
  author  = {Dimson, Elroy},
  journal = {Journal of Financial Economics},
  title   = {Risk measurement when shares are subject to infrequent trading},
  year    = {1979},
  issn    = {0304-405X},
  number  = {2},
  pages   = {197--226},
  volume  = {7},
}

@Article{ChanChen:1988,
  author    = {Chan, K. C. and Chen, Nai-Fu},
  journal   = {The Journal of Finance},
  title     = {An Unconditional Asset-Pricing Test and the Role of Firm Size as an Instrumental Variable for Risk},
  year      = {1988},
  issn      = {00221082, 15406261},
  number    = {2},
  pages     = {309--325},
  volume    = {43},
  publisher = {[American Finance Association, Wiley]},
  xurl      = {http://www.jstor.org/stable/2328462},
}

@Article{CarrEtAl:1987,
  author    = {Carr, D. B. and Littlefield, R. J. and Nicholson, W. L. and Littlefield, J. S.},
  journal   = {Journal of the American Statistical Association},
  title     = {Scatterplot Matrix Techniques for Large N},
  year      = {1987},
  issn      = {0162-1459},
  number    = {398},
  pages     = {424--436},
  volume    = {82},
  publisher = {[American Statistical Association, Taylor \& Francis, Ltd.]},
  url       = {http://www.jstor.org/stable/2289444},
}

@Article{CederburgODoherty:2015,
  author   = {Cederburg, Scott and O'Doherty, Michael S.},
  journal  = {Journal of Econometrics},
  title    = {Asset-pricing anomalies at the firm level},
  year     = {2015},
  issn     = {0304-4076},
  number   = {1},
  pages    = {113--128},
  volume   = {186},
  keywords = {Hierarchical Bayes, Factor models, Asset-pricing anomalies},
}

@InCollection{Tukey:1979,
  author    = {Tukey, John W.},
  booktitle = {Robustness in Statistics},
  publisher = {Academic Press},
  title     = {Robust Techniques for the User},
  year      = {1979},
  address   = {New York},
  editor    = {Robert~L. Launer and Graham~N. Wilkinson},
  pages     = {103--106},
}

@Article{CrouxEtAl:2003a,
  author  = {Croux, C. and Filzmoser, P. and Pison, G. and Rousseeuw, Peter J.},
  journal = {Statistical Comput.},
  title   = {Fitting multiplicative models by robust alternating regressions},
  year    = {2003},
  pages   = {23--36},
  volume  = {13},
}





%%%%%%%%%%%%%%%%%%%%%%%%%%%%%%%%%%%%%%%%%%%%%%%%%%%%%%%%%%%%%%%
% books that are cross refs 
% these must appear at the end of this file
%%%%%%%%%%%%%%%%%%%%%%%%%%%%%%%%%%%%%%%%%%%%%%%%%%%%%%%%%%%%%%%

@Book{Guerard:2010book,
  editor    = {John Guerard},
  publisher = {Springer-Verlag},
  title     = {Handbook of Portfolio Construction: Contemporary Applications of Markowitz Techniques},
  year      = {2010},
  address   = {London},
}

@Book{Maronna2019,
  author    = {Maronna, Ricardo A. and Martin, R. Douglas and Yohai, Victor J. and Salibian-Barrera, Matias},
  publisher = {John Wiley \& Sons},
  title     = {Robust statistics: theory and methods (with R)},
  year      = {2019},
  edition   = {2},
}

@Article{HarveyLiuZhu2016,
  author  = {Harvey, Campbell R. and Liu, Yan and Zhu, Heqing},
  journal = {Review of Financial Studies},
  title   = {and the Cross-Section of Expected Returns},
  year    = {2016},
  issn    = {0893-9454},
  pages   = {5--68},
  volume  = {29},
  doi     = {10.1093/rfs/hhv059},
}

@Book{Bali2016,
  author    = {Bali, Turan G. and Engle, Robert F. and Murray, Scott},
  publisher = {John Wiley \& Sons},
  title     = {Empirical asset pricing: The cross section of stock returns},
  year      = {2016},
}

@Article{Hou2020,
  author  = {Hou, Kewei and Xue, Chen and Zhang, Lu},
  journal = {The Review of Financial Studies},
  title   = {Replicating Anomalies},
  year    = {2020},
  issn    = {0893-9454},
  number  = {5},
  pages   = {2019--2133},
  volume  = {33},
  doi     = {10.1093/rfs/hhy131},
}

@Book{HuberRoncchetti2009,
  author    = {Huber, Peter J. and Ronchetti, Elvezio M.},
  publisher = {John Wiley},
  title     = {Robust Statistics},
  year      = {2009},
  edition   = {2nd},
  doi       = {10.1002/9780470434697},
  issn      = {1940-6347},
}

@Book{RousseeuwLeroy1987,
  author    = {Rousseeuw, Peter J. and Leroy, Annick M.},
  publisher = {John Wiley},
  title     = {Robust Regression and Outlier Detection},
  year      = {1987},
  doi       = {10.1002/0471725382},
  issn      = {1940-6347},
}

@Article{BowieBradfield1998,
  author  = {Bowie, David C. and Bradfield, David J.},
  journal = {Journal of Business Finance and Accounting},
  title   = {Robust Estimation of Beta Coefficients: Evidence from a Small Stock Market},
  year    = {1998},
  issn    = {0306-686X},
  pages   = {439--454},
  volume  = {25},
  doi     = {10.1111/1468-5957.00196},
}

@Article{ChanLakonishok1992,
  author  = {Chan, Louis K. C. and Lakonishok, Josef},
  journal = {Journal of Financial and Quantitative Analysis},
  title   = {Robust Measurement of Beta Risk},
  year    = {1992},
  issn    = {0022-1090},
  pages   = {265},
  volume  = {27},
  doi     = {10.2307/2331371},
}

@Article{CloeteDeJong2002,
  author  = {Cloete, G. S. and de Jonah, P. J. and de Wet, T.},
  journal = {Investment Analysts Journal},
  title   = {Combining Vasicek and Robust Estimators for forecasting systematic risk},
  year    = {2002},
  issn    = {1029-3523},
  pages   = {37--44},
  volume  = {31},
  doi     = {10.1080/10293523.2002.11082435},
}

@InCollection{GentonRonchetti2008,
  author    = {Genton, Marc G. and Ronchetti, Elvezio},
  booktitle = {Kontoghiorghes, E. J., Rustem, B. and Winker, P. (eds.), Computational Methods in Financial Engineering, Essays in Honour of Manfred Gilli},
  publisher = {Springer},
  title     = {Robust Prediction of Beta},
  year      = {2008},
  pages     = {147--161},
  doi       = {10.1007/978-3-540-77958-2_8},
}

@Book{GrinoldKahn2000,
  author    = {Grinold, Richard C. and Kahn, Ronald N.},
  publisher = {McGraw Hill New York, NY;},
  title     = {Active portfolio management, 2nd edition},
  year      = {2000},
}

@Article{Leone2019,
  author  = {Leone, Andrew J. and Minutti-Meza, Miguel and Wasley, Charles E.},
  journal = {Accounting Review},
  title   = {Influential Observations and Inference in Accounting Research},
  year    = {2019},
  issn    = {0001-4826},
  pages   = {337--364},
  volume  = {94},
  doi     = {10.2308/accr-52396},
}

@Article{ChenMartin,
  author  = {Chen, Xin and Martin, R. Douglas},
  journal = {Journal of Risk},
  title   = {Standard Errors of Risk and Performance Estimators with Serially Correlated Returns},
  year    = {2020},
  issn    = {1556-5068},
  number  = {7},
  volume  = {22},
  doi     = {10.2139/ssrn.3085672},
}

@Article{Carhart1997,
  author  = {Carhart, Mark M.},
  journal = {Journal of Finance},
  title   = {On Persistence in Mutual Fund Performance},
  year    = {1997},
  issn    = {0022-1082},
  pages   = {57--82},
  volume  = {52},
  doi     = {10.1111/j.1540-6261.1997.tb03808.x},
}

@Misc{Bailer2011,
  author         = {Bailer, Heiko M. and Maravina, Tatiana A. and Martin, R. Douglas},
  title          = {Robust Betas In Asset Management},
  year           = {2011},
  doi            = {10.1093/oxfordhb/9780199553433.013.0011},
}

@Article{ScholesWilliams1977,
  author  = {Scholes, Myron and Williams, Joseph},
  journal = {Journal of Financial Economics},
  title   = {Estimating betas from nonsynchronous data},
  year    = {1977},
  issn    = {0304-405X},
  pages   = {309--327},
  volume  = {5},
  doi     = {10.1016/0304-405x(77)90041-1},
}

@Article{Merton1981,
  author  = {Merton, Robert C.},
  journal = {The Journal of Business},
  title   = {On Market Timing and Investment Performance. I. An Equilibrium Theory of Value for Market Forecasts},
  year    = {1981},
  issn    = {0021-9398},
  pages   = {363},
  volume  = {54},
  doi     = {10.1086/296137},
}

@Article{HenrikssonMerton1981,
  author  = {Henriksson, Roy D. and Merton, Robert C.},
  journal = {The Journal of Business},
  title   = {On Market Timing and Investment Performance. II. Statistical Procedures for Evaluating Forecasting Skills},
  year    = {1981},
  issn    = {0021-9398},
  pages   = {513},
  volume  = {54},
  doi     = {10.1086/296144},
}

@Article{Henriksson1984,
  author  = {Henriksson, Roy D.},
  journal = {The Journal of Business},
  title   = {Market Timing and Mutual Fund Performance: An Empirical Investigation},
  year    = {1984},
  issn    = {0021-9398},
  pages   = {73},
  volume  = {57},
  doi     = {10.1086/296225},
}

@Article{PesaranTimmerman1994,
  author  = {Pesaran, M. Hashem and Timmermann, Allan G.},
  journal = {Economics Letters},
  title   = {A generalization of the non-parametric Henriksson-Merton test of market timing},
  year    = {1994},
  issn    = {0165-1765},
  pages   = {1--7},
  volume  = {44},
  doi     = {10.1016/0165-1765(93)00284-u},
}

@Article{TreynorMazuy,
  author  = {Treynor, J. and Mazuy, K.},
  journal = {Harvard Business Review},
  title   = {Can Mutual Funds Outguess the Market?},
  year    = {1966},
  pages   = {131--136},
  volume  = {44},
}

@Article{BhardwajBrooks1993,
  author  = {Bhardwaj, Ravinder K. and Brooks, LeRoy D.},
  journal = {The Journal of Financial Research},
  title   = {Dual Betas from Bull and Bear Markets: Reversal of the Size Effect},
  year    = {1993},
  issn    = {0270-2592},
  pages   = {269--283},
  volume  = {16},
  doi     = {10.1111/j.1475-6803.1993.tb00147.x},
}

@Article{DavidsonJosev2005,
  author  = {Davidson, Sinclair and Josev, Thomas},
  journal = {Accounting Research Journal},
  title   = {The Impact of Thin Trading Adjustments on Australian Beta Estimates},
  year    = {2005},
  issn    = {1030-9616},
  pages   = {111--117},
  volume  = {18},
  doi     = {10.1108/10309610580000679},
}

@Article{McinishWood1986,
  author  = {Mcinish, T. H. O. and Wood, R. A.},
  journal = {The Jounal of Finance},
  title   = {Adjusting for Beta Bias: An Assessment of Alternate Techniques: A Note},
  year    = {1986},
  issn    = {0022-1082},
  pages   = {277--286},
  volume  = {41},
  doi     = {10.1111/j.1540-6261.1986.tb04507.x},
}

@Article{LeviWelch2020,
  author  = {Levi, Yaron and Welch, Ivo},
  journal = {The Review of Financial Studies},
  title   = {Symmetric and Asymmetric Market Betas and Downside Risk},
  year    = {2020},
  issn    = {0893-9454},
  pages   = {2772--2795},
  volume  = {33},
  doi     = {10.1093/rfs/hhz108},
}

@Article{ChenRollRoss1986,
  author  = {Chen, Nai-Fu and Roll, Richard and Ross, Stephen A.},
  journal = {Journal of Business},
  title   = {Economic Forces and the Stock Market},
  year    = {1986},
  issn    = {0021-9398},
  pages   = {383},
  volume  = {59},
  doi     = {10.1086/296344},
}

@Article{Sharpe1988,
  author  = {Sharpe, William F.},
  journal = {Investment Management Review},
  title   = {Determining a Fund's Effective Asset Mix},
  year    = {1988},
  month   = dec,
  number  = {6},
  pages   = {59--69},
  volume  = {2},
}

@article{Sharpe1992,
  title					   = {Asset Allocation: Management style and performance measurement},
  author				   = {Sharpe, William F.},
  journal				   = {Journal of Portfolio Management},
  volume				   = {18},
  number				   = {2},
  pages					   = {7--19},
  year					   = {1992}
}

@Article{HouXueZhang2015,
  author    = {Hou, Kewei and Xue, Chen and Zhang, Lu},
  title     = {Digesting Anomalies: An Investment Approach},
  journal   = {The Review of Financial Studies},
  year      = {2015},
  volume    = {28},
  number    = {3},
  pages     = {650--705},
  publisher = {JSTOR},
}

@Article{HouMoXueZhang2020,
  author    = {Hou, Kewei and Mo, Haitan and Xue, Chen and Zhang, Lu},
  title     = {An Augmented q--factor Model with Expected Growth},
  journal   = {Review of Finance},
  year      = {2020},
  volume    = {24},
  number    = {},
  pages     = {},
}

@Article{FengEtAl2020,
  author  = {Feng, Guanhao and Giglio, Stefano and Xiu, Dacheng},
  journal = {Journal of Finance},
  title   = {Taming the Factor Zoo: A Test of New Factors},
  year    = {2020},
  number  = {3},
  pages   = {1327-1370},
  volume  = {75},
  doi     = {10.3386/w25481},
}

@Article{PenaYohai1999,
  author    = {Pe\~na, Daniel and Yohai, Victor J.},
  journal   = {Journal of the American Statistical Association},
  title     = {A fast procedure for outlier diagnostics in large regression problems},
  year      = {1999},
  issn      = {0162-1459; 1537-274X/e},
  number    = {446},
  pages     = {434--445},
  volume    = {94},
  keywords  = {62J20 62F35},
  language  = {English},
  publisher = {Taylor \& Francis, Philadelphia, PA; American Statistical Association (ASA), Alexandria, VA},
  zbl       = {1072.62618},
}

@Article{MulerYohai2008,
  author  = {Muler, Nora and Yohai, Victor J.},
  journal = {Journal of Statistical Planning and Inference},
  title   = {Robust estimates for GARCH models},
  year    = {2008},
  issn    = {0378-3758},
  pages   = {2918--2940},
  volume  = {138},
  doi     = {10.1016/j.jspi.2007.11.003},
}

@Article{King1966,
  author    = {King, Benjamin F.},
  journal   = {Journal of Business},
  title     = {Market and industry factors in stock price behavior},
  year      = {1966},
  number    = {1},
  pages     = {139--190},
  volume    = {39},
  publisher = {JSTOR},
}

@Article{Rosenberg1974,
  author    = {Rosenberg, Barr},
  title     = {Extra--Market Components of Covariance in Security Returns},
  journal   = {Journal of Financial and Quantitative Analysis},
  year      = {1974},
  volume    = {9},
  number    = {2},
  pages     = {263--274},
  publisher = {JSTOR},
}

@Article{Black1993,
  author  = {Black, Fischer},
  journal = {The Journal of Portfolio Management},
  title   = {Beta and Return},
  year    = {1993},
  issn    = {0095-4918},
  pages   = {8--18},
  volume  = {20},
  doi     = {10.3905/jpm.1993.409462},
}

@Article{Andrews1991,
  author = {Andrews, Donald W. K.},
  title  = {Heteroskedasticity and Autocorrelation Consistent Covariance Matrix Estimation},
  year   = {1991},
  issn   = {0012-9682},
  pages  = {817},
  volume = {59},
  doi    = {10.2307/2938229},
}

@Article{Andrews1992,
  author = {Andrews, Donald W. K. and Monahan, J. Christopher},
  title  = {An Improved Heteroskedasticity and Autocorrelation Consistent Covariance Matrix Estimator},
  year   = {1992},
  issn   = {0012-9682},
  pages  = {953},
  volume = {60},
  doi    = {10.2307/2951574},
}

@Article{AngLiuSchwarz2020,
  author  = {Ang, Andrew and Liu, Jun and Schwarz, Krista},
  journal = {Journal of Financial and Quantitative Analysis},
  title   = {Using Stocks or Portfolios in Tests of Factor Models},
  year    = {2020},
  issn    = {0022-1090},
  pages   = {709--750},
  volume  = {55},
  doi     = {10.1017/s0022109019000255},
}

@Article{BeatonTukey1974,
  author  = {Beaton, Albert E. and Tukey, John W.},
  journal = {Technometrics},
  title   = {The Fitting of Power Series, Meaning Polynomials, Illustrated on Band-Spectroscopic Data},
  year    = {1974},
  issn    = {0040-1706},
  pages   = {147--185},
  volume  = {16},
  doi     = {10.1080/00401706.1974.10489171},
}

@Article{GuerardMarkowitzXu2015,
  author  = {Guerard, John B. and Markowitz, Harry and Xu, GanLin},
  journal = {International Journal of Forecasting},
  title   = {Earnings forecasting in a global stock selection model and efficient portfolio construction and management},
  year    = {2015},
  issn    = {0169-2070},
  pages   = {550--560},
  volume  = {31},
  doi     = {10.1016/j.ijforecast.2014.10.003},
}

@Article{Guerard2020,
  author  = {Guerard, John B. and Deng, Shijie and Gilliam, Robert A. and Markowitz, Harry and Xu, Ganlin},
  journal = {Wilmott Magazine},
  title   = {Investing in Global Equity Markets},
  year    = {2020},
  issn    = {1540-6962},
  number  = {106 March},
  pages   = {56--75},
  volume  = {2020},
  doi     = {10.1002/wilm.10832},
}

@InBook{guerardChap3,
  author    = {Guerard, John B.},
  editor    = {John B. Guerard, Jr.},
  pages     = {61--96},
  publisher = {Springer},
  title     = {Markowitz Applications in the 1990's and the New Century: Data Mining Corrections and 130/30, in Handbook of Portfolio Constructiion},
  year      = {2010},
}

@Misc{Claeskens2001,
  author = {Claeskens, Gerda and Hjort, Nils Lid},
  title  = {Model Selection and Model Averaging},
  year   = {2001},
  doi    = {10.1017/cbo9780511790485},
}

@Article{ZhuGalbraith2010,
  author  = {Zhu, Dongming and Galbraith, John W.},
  journal = {Journal of Econometrics},
  title   = {A generalized asymmetric Student- distribution with application to financial econometrics},
  year    = {2010},
  issn    = {0304-4076},
  pages   = {297--305},
  volume  = {157},
  doi     = {10.1016/j.jeconom.2010.01.013},
}

@Article{MaronnaYohai2015,
  author  = {Maronna, Ricardo A. and Yohai, Victor J.},
  journal = {Computational Statistics and Data Analysis},
  title   = {High finite-sample efficiency and robustness based on distance-constrained maximum likelihood},
  year    = {2015},
  issn    = {0167-9473},
  pages   = {262--274},
  volume  = {83},
  doi     = {10.1016/j.csda.2014.10.015},
}

@Article{Menchero2010,
  author  = {Menchero, Jose},
  journal = {The Journal of Performance Measurement},
  title   = {Characteristics of Factor Portfolios, March 2010},
  year    = {2010},
  issn    = {1556-5068},
  doi     = {10.2139/ssrn.1601414},
}

@Article{Goetzmann1996,
  author = {Goetzmann, William N. and Grinold, Richard C. and Kahn, Ronald N.},
  title  = {Active Portfolio Management.},
  year   = {1996},
  issn   = {0022-1082},
  pages  = {1559},
  volume = {51},
  doi    = {10.2307/2329407},
}

@Article{Akaike1969,
  author  = {Akaike, Hirotugu},
  journal = {Annals of the Institute of Statistical Mathematics},
  title   = {Fitting autoregressive models for prediction},
  year    = {1969},
  issn    = {0020-3157},
  pages   = {243--247},
  volume  = {21},
  doi     = {10.1007/bf02532251},
}

@Misc{1992,
  author = {deLeeuw, J.},
  title  = {Introduction to Akaike (1973) Information Theory and an Extension of the Maximum Likelihood Principle},
  year   = {1992},
  doi    = {10.1007/978-1-4612-0919-5_37},
  issn   = {0172-7397},
  pages  = {599--609},
}

@InProceedings{Akaike1973,
  author    = {Akaike, Hirotugu},
  booktitle = {Second International Symposium on Information Theory},
  title     = {Information theory and an extension of the maximum likelihood principle.},
  year      = {1973},
  address   = {Budapest},
  editor    = {Petrov, B. and Csaki, F.},
  pages     = {267--281},
  publisher = {Akademiai Kiado},
}

@Article{Akaike1978,
  author  = {Akaike, Hirotugu},
  journal = {Biometrika},
  title   = {A new look at the Bayes procedure},
  year    = {1978},
  issn    = {0006-3444},
  pages   = {53--59},
  volume  = {65},
  doi     = {10.1093/biomet/65.1.53},
}

@Article{Schwarz1978,
  author  = {Schwarz, Gideon},
  journal = {The Annals of Statistics},
  title   = {Estimating the Dimension of a Model},
  year    = {1978},
  issn    = {0090-5364},
  volume  = {6},
  doi     = {10.1214/aos/1176344136},
}

@Article{Hampel1974,
  author  = {Hampel, Frank R.},
  journal = {The Annals of Statistics},
  title   = {The Influence Curve and its Role in Robust Estimation},
  year    = {1974},
  issn    = {0162-1459},
  pages   = {383--393},
  volume  = {69},
  doi     = {10.1080/01621459.1974.10482962},
}

@Book{BelsleyKuhWelsch1980,
  author    = {David A. Belsley and Edwin Kuh and Roy E. Welsch},
  publisher = {John Wiley},
  title     = {Regression Diagnostics},
  year      = {1980},
  doi       = {10.1002/0471725153},
  issn      = {1940-6347},
  subtitle  = {Identifying Influential Data and Sources of Collinearity},
}

@TechReport{KonisMartin,
  author  = {Konis, Kjell and Martin, R Douglas},
  title   = {Optimal Bias Robust Psi and Rho Revisited},
  year    = {2021},
  journal = {SSRN: https://ssrn.com/abstract=3902862},
}

@Article{MaravinaMartin,
  author  = {Maravina, T and Martin, R Douglas},
  journal = {SSRN: https://ssrn.com/abstract=3902878},
  title   = {Tests for Differences between Least Squares and Robust Regression Coefficients},
  year    = {2012},
}

@Article{Fowler1983,
  author  = {David J. Fowler and C. Harvey Rorke},
  journal = {Journal of Financial Economics},
  title   = {Risk measurement when shares are subject to infrequent trading},
  year    = {1983},
  issn    = {0304-405X},
  pages   = {279-283},
  volume  = {12},
  doi     = {10.1016/0304-405x(83)90039-9},
}

@Article{Vasicek1973,
  author  = {Oldrich A. Vasicek},
  journal = {The Journal of Finance},
  title   = {A Note on Using Cross-Sectional Information in Bayesian Estimation of Security Betas},
  year    = {1973},
  issn    = {0022-1082},
  pages   = {1233-1239},
  volume  = {28},
  doi     = {10.1111/j.1540-6261.1973.tb01452.x},
}

@Unpublished{GreenMartin2017,
  author = {Green, C. G. and Martin, R. D.},
  note   = {Available at SSRN: https://ssrn.com/abstract=2963855.},
  title  = {Fama-French 1992 Redux with Robust Statistics},
  month  = may,
  year   = {2017},
}

@Article{Frazzini2014,
  author  = {Andrea Frazzini and Lasse Heje Pedersen},
  journal = {Journal of Financial Economics},
  title   = {Betting against beta},
  year    = {2014},
  issn    = {0304-405X},
  pages   = {1-25},
  volume  = {111},
  doi     = {10.1016/j.jfineco.2013.10.005},
}

@Article{Baker2011,
  author  = {Malcolm Baker and Brendan Bradley and Jeffrey Wurgler},
  journal = {Financial Analysts Journal},
  title   = {Benchmarks as Limits to Arbitrage: Understanding the Low-Volatility Anomaly},
  year    = {2011},
  issn    = {0015-198X},
  pages   = {40-54},
  volume  = {67},
  doi     = {10.2469/faj.v67.n1.4},
}

@Article{Arnott,
  author  = {Robert D. Arnott and Campbell R. Harvey and Vitali Kalesnik and Juhani T. Linnainmaa},
  journal = {Financial Analytsts Journal},
  title   = {Reports of Value’s Death May Be Greatly Exaggerated},
  year    = {2021},
  issn    = {1556-5068},
  number  = {1},
  pages   = {44-67},
  volume  = {77},
  doi     = {10.2139/ssrn.3488748},
}

@Unpublished{goncalvesLeonard2021,
  author = {Goncalves, Andrei and Leonard, Gregory},
  note   = {SSRN: https://ssrn.com/abstract=3573444},
  title  = {The Fundamental-to-Market Ratio and the Value Premium Decline},
  month  = aug,
  year   = {2021},
}

@article{asness2013devil,
  title={The devil in HML’s details},
  author={Asness, Clifford and Frazzini, Andrea},
  journal={The Journal of Portfolio Management},
  volume={39},
  number={4},
  pages={49--68},
  year={2013},
  publisher={Institutional Investor Journals Umbrella}
}

@Article{CornellDietrich1978,
  author  = {Bradford Cornell and J. Kimball Dietrich},
  journal = {Journal of Financial and Quantitative Analysis},
  title   = {Mean-Absolute-Deviation Versus Least-Squares Regression Estimation of Beta Coefficients},
  year    = {1978},
  issn    = {0022-1090},
  pages   = {123},
  volume  = {13},
  doi     = {10.2307/2330527},
}

@Article{MillsCouts1996,
  author  = {Terence C. Mills and J. Andrew Coutts},
  journal = {The European Journal of Finance�},
  title   = {Misspecification testing and robust estimation of the market model: estimating betas for the FT-SE industry baskets},
  year    = {1996},
  issn    = {1351-847X},
  pages   = {319-331},
  volume  = {2},
  doi     = {10.1080/13518479600000012},
}

@Article{Sharpe1971,
  author  = {William F. Sharpe},
  journal = {Management Science},
  title   = {Mean-Absolute-Deviation Characteristic Lines for Securities and Portfolios},
  year    = {1971},
  issn    = {0025-1909},
  pages   = {B-1-B-13},
  volume  = {18},
  doi     = {10.1287/mnsc.18.2.b1},
}

@Article{Galea2020,
  author  = {Manuel Galea and David Cademartori and Roberto Curci and Alonso Molina},
  journal = {Journal of Financial and Risk Management},
  title   = {Robust Inference in the Capital Asset Pricing Model Using the Multivariate t-distribution},
  year    = {2020},
  issn    = {1911-8074},
  pages   = {123},
  volume  = {13},
  doi     = {10.3390/jrfm13060123},
}

@Article{HouDijk2018,
  author  = {Kewei Hou and Mathijs A. Van Dijk},
  journal = {The Review of Financial Studies},
  title   = {Resurrecting the Size Effect: Firm Size, Profitability Shocks, and Expected Stock Returns},
  year    = {2018},
  issn    = {1556-5068},
  number  = {7},
  pages   = {2851-2889},
  volume  = {32},
  doi     = {10.2139/ssrn.1005664},
}

@Article{HouMo2021,
  author  = {Kewei Hou and Haitao Mo and Chen Xue and Lu Zhang},
  journal = {Review of Finance},
  title   = {An Augmented q-Factor Model with Expected Growth*},
  year    = {2021},
  issn    = {1572-3097},
  pages   = {1-41},
  volume  = {25},
  doi     = {10.1093/rof/rfaa004},
}

@Article{AdroverZamar2004,
  author  = {Jorge Adrover and Ruben H. Zamar},
  journal = {Journal of Statistical Planning and Inference},
  title   = {Bias robustness of three median-based regression estimates},
  year    = {2004},
  issn    = {0378-3758},
  pages   = {203-227},
  volume  = {122},
  doi     = {10.1016/j.jspi.2003.06.001},
}

@Article{Adrover2004a,
  author  = {Jorge Adrover and Matias Salibian-Barrera and Ruben Zamar},
  journal = {Journal of Statistcal Plannng and Inference},
  title   = {Globally robust inference for the location and simple linear regression models},
  year    = {2004},
  issn    = {0378-3758},
  pages   = {353-375},
  volume  = {119},
  doi     = {10.1016/s0378-3758(02)00490-1},
}

@Article{YohaiZamar2004,
  author  = {Víctor J. Yohai and Ruben H. Zamar},
  journal = {Annals of Statistics},
  title   = {Robust nonparametric inference for the median},
  year    = {2004},
  issn    = {0090-5364},
  number  = {5},
  pages   = {1841-1857},
  volume  = {32},
  doi     = {10.1214/009053604000000634},
}

@Article{FanEtAl2021,
  author  = {Jianqing Fan and Yuan Ke and Yuan Liao},
  journal = {Journal of Econometrics},
  title   = {Augmented factor models with applications to validating market risk factors and forecasting bond risk premia},
  year    = {2021},
  issn    = {0304-4076},
  pages   = {269-294},
  volume  = {222},
  doi     = {10.1016/j.jeconom.2020.07.002},
}

@Article{MartinXiaTS2022,
  author  = {R. Douglas Martin and Daniel Z. Xia},
  journal = {Journal of Asset Management},
  title   = {Efficient Bias robust Regression for Time series Factor Models},
  year    = {2022},
  issn    = {1470-8272},
  month   = {March},
  pages   = {1-20},
  comment = {Freely downloadable pdf file from Springer.},
  doi     = {10.1057/s41260-022-00258-0},
  url     = {https://link.springer.com/content/pdf/10.1057/s41260-
022-00258-0.pdf},
}

@InCollection{Tukey1979,
  author    = {Tukey, J. W.},
  booktitle = {Robustness in Statistics},
  publisher = {Academic Press},
  title     = {Robust Techniques For The User},
  year      = {1979},
  editor    = {R. L. Launer and G. N.Wilkinson},
}

@Article{Hinkley1969,
  author  = {D. V. Hinkley},
  journal = {Biometrika},
  title   = {On the ratio of two correlated normal random variables},
  year    = {1969},
  issn    = {0006-3444},
  pages   = {635-639},
  volume  = {56},
  doi     = {10.1093/biomet/56.3.635},
}

@Comment{jabref-meta: databaseType:bibtex;}
